%% This BibTeX bibliography file was created using BibDesk.
%% http://bibdesk.sourceforge.net/

%% Created for Xinmi Li at 2017-04-28 09:52:45 -0400 


%% Saved with string encoding Unicode (UTF-8) 



@webpage{cite5,
	Date-Added = {2017-04-28 13:37:46 +0000},
	Date-Modified = {2017-04-28 13:47:57 +0000},
	Lastchecked = {Apr 28, 2017},
	Month = {Sep},
	Title = {QuickStats: Death Rate* From Complications of Medical and Surgical Care Among Adults Aged â‰¥45 Years, by Age Group --- United States, 1999--2009},
	Url = {https://www.cdc.gov/mmwr/preview/mmwrhtml/mm6137a6.htm},
	Year = {2012}}

@article{cite4,
	Author = {Katharine E. Henry, David N. Hager, Peter J. Pronovost, and Suchi Saria},
	Date-Added = {2017-04-28 12:56:32 +0000},
	Date-Modified = {2017-04-28 12:58:12 +0000},
	Journal = {Sci Transl Med},
	Month = {Aug},
	Number = {299},
	Title = {A targeted real-time early warning score (TREWScore) for septic shock},
	Volume = {7},
	Year = {2015}}

@article{cite3,
	Author = {Mayaud L, Lai PS, Clifford GD, Tarassenko L, Celi LAG, and Annane D},
	Date-Added = {2017-04-28 12:24:03 +0000},
	Date-Modified = {2017-04-28 12:58:28 +0000},
	Journal = {Critical care medicine},
	Month = {Apr},
	Number = {4},
	Pages = {954-962},
	Title = {Dynamic data during hypotensive episode improves mortality predictions among patients with sepsis and hypotension},
	Volume = {41},
	Year = {2013}}

@webpage{cite1,
	Date-Modified = {2017-04-28 12:59:22 +0000},
	Lastchecked = {Apr 28, 2017},
	Title = {MIMIC-III v1.4 documentation},
	Url = {https://mimic.physionet.org/about/mimic/},
	Year = {2016},
	Bdsk-Url-1 = {https://mimic.physionet.org/about/mimic/}}

@article{cite2,
	Author = {Ghassemi M, Marshall J, Singh N, Stone DJ, and Celi LA},
	Date-Modified = {2017-04-28 12:58:33 +0000},
	Journal = {Chest},
	Month = {Apr},
	Number = {4},
	Pages = {745--752},
	Title = {Leveraging a Critical Care Database: Selective Serotonin Reuptake Inhibitor Use Prior to ICU Admission Is Associated With Increased Hospital Mortality},
	Volume = {145},
	Year = {2014}}
